/home/blockful/projects/makedocument/references/bib/references.bib